@misc{android-os,
  title = {Android OS},
  howpublished = {\url{https://www.android.com/}}
}

@misc{android-dev,
  title = {Android Developer Documentation},
  howpublished = {\url{https://developer.android.com/}}
}

@misc{androidTutorial,
  author = {Vogella},
  title = {Android Development Tutorial},
  year = {2024},
  url = {https://www.vogella.com/tutorials/Android/article.html}
}

@misc{kotlin,
  title = {Kotlin Programming Language},
  howpublished = {\url{https://kotlinlang.org/}}
}

@misc{opengl,
  title = {OpenGL},
  howpublished = {\url{https://www.opengl.org/}}
}

@misc{opengles,
  title = {Getting Started with OpenGL ES},
  howpublished = {\url{https://www.khronos.org/opengles/}}
}

@book{filamentGraphics,
  author = {Filament Graphics Team},
  title = {High-Performance Rendering on Mobile Devices: A Guide to Filament},
  publisher = {Mobile Graphics Press},
  year = {2022},
  url = {https://google.github.io/filament/}
}

@book{gameDevAndroid,
  author = {Mario Zechner and Robert Green},
  title = {Beginning Android Games},
  publisher = {Apress},
  year = {2016},
  edition = {2nd Edition},
  isbn = {978-1484215003}
}

@article{pbrOverview,
  author = {Colin Barr√©-Brisebois and Stephen Hill},
  title = {An Overview of Physically-Based Rendering},
  journal = {ACM SIGGRAPH},
  year = {2017},
  url = {https://s2017.siggraph.org/content/physically-based-rendering}
}

@article{mobileRendering,
  author = {Ravi Ramamoorthi and Henrik Wann Jensen},
  title = {Real-Time Rendering on Mobile Devices},
  journal = {Computer Graphics Forum},
  year = {2020},
  volume = {39},
  issue = {6},
  pages = {45-59},
  doi = {10.1111/cgf.14013}
}
