% Notas Imporantes:
% Poner una diagonal investida antes de los siguientes caracteres: #, $, %, ^, &, {, }, ~, [, ], <, >, _
% Caso Particuloar: Diagonal Invertida (\) sustituit por (\textbackslash) y dejar un espacio
% Ver enlace:
@article{bernal2018analisis,
  title={An{\'a}lisis de M{\'e}todos de Reconocimiento Facial bajo el Sistema Operativo Android},
  author={Bernal Leyva, Alex Yuri},
  year={2018},
  publisher={Universidad Se{\~n}or de Sip{\'a}n}
}

@article{cadavieco2012realidad,
  title={Realidad aumentada, una evoluci{\'o}n de las aplicaciones de los dispositivos m{\'o}viles},
  author={Cadavieco, Javier Fombona and Sevillano, Mar{\'\i}a {\'A}ngeles Pascual and Amador, Mar{\'\i}a Filomena Madeira Ferreira},
  journal={Pixel-Bit. Revista de medios y educaci{\'o}n},
  number={41},
  pages={197--210},
  year={2012},
  publisher={Universidad de Sevilla}
}

@book{big_nerd_ranch,
  author    = {Bill Phillips and Chris Stewart and Kristin Marsicano},
  title     = {Android Programming: The Big Nerd Ranch Guide},
  edition   = {4},
  year      = {2019},
  publisher = {Big Nerd Ranch Guides},
  isbn      = {9780134706054}
}

@article{moctezumaimplementacion,
  title={Implementaci{\'o}n de algoritmos de realidad aumentada para la visualizaci{\'o}n de indicadores en el autotransporte},
  author={Moctezuma, Cesar Jaime Montiel and Campos, Miguel Gast{\'o}n Cedillo and S{\'a}nchez, Bernardo Hern{\'a}ndez and No, Publicaci{\'o}n T{\'e}cnica}
}

@article{castro2022sistema,
  title={Sistema de reconocimiento facial para la gesti{\'o}n y el seguimiento de estudiantes ausentes (Sefad)},
  author={Castro Florez, Juan Manuel and Marrugo Cogollo, Javier Enrique and others},
  year={2022}
}

@misc{android_blog,
  author       = {{Android Developers}},
  title        = {Android Developers Blog},
  year         = {2025},
  howpublished = {\url{https://android-developers.googleblog.com/}},
  note         = {Consultado en agosto de 2025}
}

@misc{android_studio,
  author       = {{Google for Developers}},
  title        = {Guía de detección de puntos de referencia facial para Android},
  year         = {2025},
  howpublished = {\url{https://ai.google.dev/edge/mediapipe/solutions/vision/face_landmarker/android?hl=es-419}},
  note         = {Consultado en agosto de 2025}
}

@misc{ar_core,
  author       = {{ARCore}},
  title        = {Descripción general de ARCore y los entornos de desarrollo compatibles},
  year         = {2025},
  howpublished = {\url{https://developers.google.com/ar/develop?hl=es-419}},
  note         = {Consultado en agosto de 2025}
}

@misc{sceneform,
  author       = {{sceneform}},
  title        = {Descripción general de la forma de escena},
  year         = {2025},
  howpublished = {\url{https://developers.google.com/sceneform/develop?hl=es-419}},
  note         = {Consultado en agosto de 2025} 
}

@misc{base_proyecto,
  author       = {{OurTechArt}},
  title        = {Augmented Reality & Virtual Reality},
  year         = {2025},
  howpublished = {\url{https://www.ourtechart.com/product/paparmali-2-ar-face-tracking-using-kinect-2/}},
  note         = {Consultado en agosto de 2025} 
}