% Notas Imporantes:
% Poner una diagonal investida antes de los siguientes caracteres: #, $, %, ^, &, {, }, ~, [, ], <, >, _
% Caso Particuloar: Diagonal Invertida (\) sustituit por (\textbackslash) y dejar un espacio
% Ver enlace:
@Book{c1,
author = {Bradford, Jason and Lauria, Richard},
title = {Learning Android Application Development},
publisher = {Addison-Wesley Professional},
year = {2021},
abstract = {Manual de referencia para el desarrollo de aplicaciones Android, cubriendo componentes esenciales y el ciclo de vida de la actividad.},
}

@Book{c2,
author = {Laganiere, Robert},
title = {OpenCV 4 Computer Vision Application Programming},
publisher = {Packt Publishing},
year = {2019},
abstract = {Guía práctica sobre el uso de la biblioteca OpenCV, incluyendo técnicas de procesamiento de imágenes, filtros y manipulación de píxeles.},
}

@Article{c3,
author = {Abbas, I. and Iftikhar, M.},
title = {Real-time Skin Detection using YCrCb and HSV Color Spaces},
journal = {Journal of Image Processing and Communications},
volume = {9},
number = {2},
pages = {145--158},
year = {2022},
abstract = {Investigación sobre la eficiencia de la combinación de los espacios de color YCrCb y HSV para la detección de piel en flujos de video.},
}

@Article{c4,
author = {Pérez, A. and Gómez, R.},
title = {Image Processing on Mobile Devices: A Comparative Study of Libraries},
journal = {International Journal of Mobile Computing},
volume = {15},
number = {1},
pages = {22--35},
year = {2021},
abstract = {Análisis de rendimiento y funcionalidad de bibliotecas de procesamiento de imágenes en entornos móviles, destacando las ventajas de OpenCV.},
}

@Book{c5,
author = {Szeliski, Richard},
title = {Computer Vision: Algorithms and Applications},
publisher = {Springer},
year = {2010},
abstract = {Libro de texto fundamental que explica algoritmos de visión por computadora, incluyendo conceptos de segmentación, detección y mezcla de imágenes.},
}

@Book{c6,
author = {O'Reilly Media},
title = {Android Cookbook},
publisher = {O'Reilly Media},
year = {2017},
abstract = {Recetas y soluciones prácticas para tareas comunes en Android, como la gestión de permisos de la cámara y el almacenamiento de archivos.},
}

@Article{c7,
author = {Li, H. and Zhang, X.},
title = {Real-time Image Manipulation using GPU and CPU Hybrid Processing},
journal = {IEEE Transactions on Multimedia},
volume = {23},
number = {1},
pages = {177--188},
year = {2019},
abstract = {Exploración de técnicas para lograr una manipulación de imágenes y videos sin latencia en dispositivos móviles, relevante para el rendimiento de la aplicación SkinChange.},
}

@Article{c8,
author = {Patel, V. and Shah, K.},
title = {User Interface Design for Photo Editing Mobile Applications},
journal = {Journal of Mobile HCI},
volume = {7},
number = {4},
pages = {55--68},
year = {2020},
abstract = {Estudio de los principios de diseño de interfaz de usuario para aplicaciones de edición de fotos, centrado en la usabilidad de controles como barras deslizantes y botones.},
}

@Article{c9,
author = {Winkler, G. and Fisher, S.},
title = {Augmented Reality and Digital Filters on Mobile Devices},
journal = {ACM SIGGRAPH Journal},
volume = {10},
number = {3},
pages = {30--42},
year = {2021},
abstract = {Artículo que examina la implementación de filtros y efectos de realidad aumentada en dispositivos móviles, un tema central en el desarrollo de esta aplicación.},
}

@Online{c10,
author = {Nalin, C.},
title = {Skin Detection using OpenCV, Python, and YCrCb and HSV Color Spaces},
year = {2018},
url = {https://nalinc.github.io/blog/2018/skin-detection-python-opencv/},
abstract = {Una publicación de blog técnica que detalla el método de detección de piel combinando los espacios de color YCrCb y HSV, una fuente clave de inspiración para este proyecto.},
}

@article{Blakely2004QE,
  author = {Blakely, J. N. and Illing, L. and Gauthier, D. J.},
  title = {High-speed chaos in an optical feedback system with flexible timescales},
  journal = {IEEE J. Quantum. Electron.},
  year = {2004},
  volume = {40},
  pages = {299--305},
  abstract = {We describe a new optoelectronic device with time-delayed feedback
	that uses a Mach-Zehnder interferometer as passive nonlinearity and
	a semiconductor laser as a current-to-optical-frequency converter.
	Band-limited feedback allows tuning of the characteristic time scales
	of both the periodic and high dimensional chaotic oscillations that
	can be generated with the device. Our implementation of the device
	produces oscillations in the frequency range of tens to hundreds
	of megahertz. We develop a model and use it to explore the experimentally
	observed Andronov-Hopf bifurcation of the steady state and to estimate
	the dimension of the chaotic attractor. },
  di = {10.1109/JQE.2003.823021},
  owner = {illing},
  tc = {9},
  timestamp = {2008.01.10},
  ut = {WOS:000220066900014}
}

@book{Carroll1995,
  title = {Nonlinear Dynamics in Circuits},
  publisher = {World Scientific, Singapore},
  year = {1995},
  author = {T. Carroll and L. Pecora},
  owner = {illing},
  timestamp = {2008.01.10}
}

@article{Celka1997,
  author = {Celka, P.},
  title = {Delay-differential equation versus 1D-map: Application to chaos control},
  journal = {Physica D},
  year = {1997},
  volume = {104},
  pages = {127--147},
  number = {2},
  abstract = {Theoretical and experimental results on the control of chaotic motion
	in an electronic circuit modeled by a delay-differential equation
	are presented. The model is derived from a nonlinear optical system
	with time-delay feedback. Our control method is based on Pyragas
	approach and applied to the infinite-dimensional system. Generalized
	mean Floquet multipliers and mean Lyapunov exponents related to delay-differential
	equations are introduced in order to compare a discrete-time approximation
	with the continuous-time equation. This control method is also used
	to find the so-called isomers related to harmonic periodic solutions
	predicted by Ikeda and Matsumoto. },
  owner = {illing},
  tc = {16},
  timestamp = {2008.01.10},
  ut = {WOS:A1997XB20700002}
}


@ARTICLE{low-04,
  author = {David G. Lowe},
  title = {{D}istinctive {I}mage {F}eatures from {S}cale-{I}nvariant {K}eypoints},
  journal = {International Journal of Computer Vision},
  year = {2004},
  volume = {60},
  pages = {91-110},
  number = {2},
}

@ARTICLE{mik-05,
  author = {Krystian Mikolajczyk and Cordelia Schmid},
  title = {{A} {P}erformance {E}valuation of {L}ocal {D}escriptors},
  journal = {IEEE Transactions on Pattern Analysis and Machine Intelligence},
  year = {2005},
  volume = {27},
  pages = {1615-1630},
  number = {10},
}

@article{Sh:1,
author = {Shelah, Saharon},
journal = {Israel Journal of Mathematics},
pages = {187--202},
title = {Stable theories},
volume = {7},
year = {1969},
}

@article{Sh:2,
author = {Shelah, Saharon},
journal = {Journal of Combinatorial Theory},
pages = {298--300},
title = {Note on a min-max problem of Leo Moser},
volume = {6},
year = {1969},
}

@article{Sh:3,
author = {Shelah, Saharon},
ams-subject = {(02.50)},
journal = {Annals of Mathematical Logic},
review = {MR 44-2593},
pages = {69--118},
title = {Finite diagrams stable in power},
volume = {2},
year = {1970},
}

@article{Sh:4,
author = {Shelah, Saharon},
ams-subject = {(02.50)},
journal = {Journal of Symbolic Logic},
review = {MR 44-52},
pages = {73--82},
title = {On theories $T$ categorical in $|T|$},
volume = {35},
year = {1970},
}

@article{Sh:5,
author = {Shelah, Saharon},
ams-subject = {(02.35)},
journal = {Israel Journal of Mathematics},
review = {MR 41-6674},
pages = {75--79},
title = {On languages with non-homogeneous strings of quantifiers},
volume = {8},
year = {1970},
}


@article{Sh:6,
author = {Shelah, Saharon},
ams-subject = {(02.50)},
journal = {Pacific Journal of Mathematics},
review = {MR 42-2932},
pages = {541--545},
title = {A note on Hanf numbers},
volume = {34},
year = {1970},
}

@article{Sh:7,
author = {Shelah, Saharon},
ams-subject = {(02H13)},
journal = {Journal of Symbolic Logic},
review = {MR 48:3735},
pages = {83--84},
title = {On the cardinality of ultraproduct of finite sets},
volume = {35},
year = {1970},
}

@article{Sh:8,
author = {Shelah, Saharon},
ams-subject = {(02H05)},
journal = {Israel Journal of Mathematics},
review = {MR 46:1581},
pages = {193--198},
title = {Two cardinal compactness},
volume = {9},
year = {1971},
}

@article{Sh:9,
author = {Shelah, Saharon},
ams-subject = {(02.52)},
journal = {Annals of Mathematical Logic},
review = {MR 44-56},
pages = {441--447},
title = {Remark to ``local definability theory'' of Reyes},
volume = {2},
year = {1970},
}

@article{Sh:10,
author = {Shelah, Saharon},
ams-subject = {(02H05)},
journal = {Annals of Mathematical Logic},
review = {MR 47:6475},
pages = {271--362},
title = {Stability, the f.c.p., and superstability; model theoretic
 properties of formulas in first order theory},
volume = {3},
year = {1971},
}
