%%%%  Bibliograficas %%%%

@article{spinelli2005diagrama,
  title={Del diagrama de Venn al nudo borromeo: recorrido de la planificaci{\'o}n en Am{\'e}rica Latina},
  author={Spinelli, Hugo and Testa, Mario},
  journal={Salud colectiva},
  volume={1},
  pages={323--335},
  year={2005},
  publisher={SciELO Public Health}
}

@article{canela2019aspectos,
  title={Aspectos generales del conocimiento simb{\'o}lico y diagram{\'a}tico: el caso de los diagramas de Venn},
  author={Canela Morales, Luis Alberto and Ruiz Sosa, Francisco Gabriel},
  journal={Andamios},
  volume={16},
  number={41},
  pages={63--85},
  year={2019},
  publisher={Universidad Aut{\'o}noma de la Ciudad de M{\'e}xico, Colegio de Humanidades y~…}
}

@article{rodriguez2023ejemplos,
  author = {Rodríguez, S. and Sara Rodríguez},
  title = {Ejemplos Prácticos de Diagramas de Venn en Diferentes Contextos - LAB-ES},
  journal = {LAB-ES},
  year = {2023},
publisher={Universidad Complutense de Madrid}
}

@book{soriano2019android,
  title={Android: Programaci{\'o}n de dispositivos m{\'o}viles a trav{\'e}s de ejemplos},
  author={Soriano, Jos{\'e} Enrique Amaro},
  year={2019},
  publisher={Marcombo}
}

@article{edrawsoft_venn,
  author = {EdrawSoft},
  title = {Diagramas de Venn: Todo lo que necesitas saber},
  journal = {EdrawSoft},
  year = {2024},
}



@misc{kessenich2006opengl,
  title={The opengl shading language},
  author={Kessenich, John and Baldwin, Dave and Rost, Randi},
  year={2006},
  publisher={Version}
}

@misc{androiddevelopers_drawables,
  author = {Android Developers},
  title = {Drawables Overview: Views},
  url ={https://developer.android.com/develop/ui/views/graphics/drawables}
}

@misc{bellavista_cubo,
  author = {Bellavista, E.},
  title = {EL CUBO 3x3x3 PIEZAS Y NOTACIÓN},
  url = {https://www.myrubik.com/elcub3x3x3.php?lang=es}
}

@misc{9gag_rubik,
  author = {9gag},
  title = {Now the legendary Rubik’s Cube is easy to understand - Awesome},
  year = {2022},
  url = {https://9gag.com/gag/anzbgeo}
}

@misc{androiddevelopers_opengl,
  author = {Android Developers},
  title = {OpenGL ES: Views},
  year = {2024},
  url = {https://developer.android.com/develop/ui/views/graphics/opengl/about-opengl}
}


