% Notas Imporantes:
% Poner una diagonal investida antes de los siguientes caracteres: #, $, %, ^, &, {, }, ~, [, ], <, >, _
% Caso Particuloar: Diagonal Invertida (\) sustituit por (\textbackslash) y dejar un espacio
% Ver enlace:
@book{jetpack_compose,
  author    = {Thomas Künneth},
  title     = {Android UI Development with Jetpack Compose},
  year      = {2021},
  publisher = {Apress},
  isbn      = {9781484269312}
}

@book{mastering_android_kotlin,
  author    = {Milos Vasic},
  title     = {Mastering Android Development with Kotlin},
  year      = {2019},
  publisher = {Packt Publishing},
  isbn      = {9781789615401}
}

@book{hands_on_kotlin,
  author    = {Miguel Angel Castiblanco and Pedro Nogales},
  title     = {Hands-On Mobile App Development with Kotlin},
  year      = {2021},
  publisher = {Packt Publishing},
  isbn      = {9781800202226}
}
@misc{fritz,
  author       = {{Fritz AI}},
  title        = {Image Segmentation for Android — Smart Background Replacement with Fritz AI},
  year         = {2020},
  howpublished = {\url{https://fritz.ai/image-segmentation-for-android/}},
  note         = {Accedido: 2025-08-15}
}

@misc{ytseg,
  author       = {{YouTube}},
  title        = {Image Segmentation Tutorial (Python)},
  year         = {2021},
  howpublished = {\url{https://www.youtube.com/watch?v=dt2L8x1J7Ps}},
  note         = {Accedido: 2025-08-15}
}

@book{bignerdandroid,
  author    = {Bill Phillips and Chris Stewart and Kristin Marsicano},
  title     = {Android Programming: The Big Nerd Ranch Guide},
  edition   = {5},
  year      = {2019},
  publisher = {Big Nerd Ranch},
  isbn      = {9780135245125}
}

@book{bignerdkotlin,
  author    = {Josh Skeen and David Greenhalgh},
  title     = {Kotlin Programming: The Big Nerd Ranch Guide},
  year      = {2019},
  publisher = {Big Nerd Ranch},
  isbn      = {9780135161630}
}

@book{mlkitbook,
  author    = {Joseph A. Singh},
  title     = {Hands-On Computer Vision on Android with ML Kit},
  year      = {2021},
  publisher = {Packt Publishing},
  isbn      = {9781800568124}
}

@book{mlkotlin,
  author    = {Earl Brown and Chintan K},
  title     = {Machine Learning with Kotlin for Android Developers},
  year      = {2020},
  publisher = {Packt Publishing},
  isbn      = {9781838647930}
}

@book{jetpackbook,
  author    = {Ray Wenderlich Tutorial Team},
  title     = {Jetpack Compose by Tutorials},
  year      = {2021},
  publisher = {Razeware LLC},
  isbn      = {9781950325425}
}


@misc{mlkit_selfie_segmentation,
  title={ML Kit Selfie Segmentation on Android},
  howpublished={\url{https://developers.google.com/ml-kit/vision/selfie-segmentation/android}},
  note={Accedido: 2025-08-15}
}

@misc{cameraX_docs,
  title={CameraX Overview},
  howpublished={\url{https://developer.android.com/jetpack/androidx/releases/camera}},
  note={Accedido: 2025-08-15}
}

@misc{compose_docs,
  title={Jetpack Compose Overview},
  howpublished={\url{https://developer.android.com/jetpack/compose}},
  note={Accedido: 2025-08-15}
}


}
