@book{Sh:1,
  author = {Fernando Navarro Pulido},
  title = {Realidad Virtual y Realidad Aumentada},
  year = {2020},
  publisher = {RA-MA},
  edition = {1st Edition}
}

@book{Sh:2,
  author = {Editorial Dykinson},
  title = {Introducción a OpenGL},
  year = {2019},
  publisher = {Dykinson},
  edition = {1st Edition}
}

@book{Sh:3,
  author = {Ingebook},
  title = {Gráficos por Computadora con OpenGL},
  year = {2021},
  publisher = {Ingebook},
  edition = {2nd Edition}
}

@book{Sh:4,
  author = {Agustí},
  title = {Introducción al Desarrollo de Aplicaciones Inmersivas con OpenGL Moderno},
  year = {2022},
  publisher = {Universitat Politècnica de València},
}

@misc{Sh:5,
  author = {Microsoft Support},
  title = {Usar Bluetooth para jugar en Xbox},
  year = {2023},
  url = {https://support.xbox.com/es-MX/help/hardware-network/accessories/using-bluetooth-for-xbox-gaming},
  note = {Guía oficial de Microsoft sobre cómo conectar el control de Xbox a dispositivos mediante Bluetooth.}
}


@article{Sh:6,
  author = {Google Developers},
  title = {Open Source Cardboard SDK},
  year = {2023},
  url = {https://developers.google.com/cardboard/}
}

@article{Sh:7,
  author = {Academia Android},
  title = {Gráficos en Android: descripción de OpenGL},
  year = {2013},
  url = {https://academiaandroid.com/graficos-en-android-descripcion-opengl/}
}

@article{Sh:8,
  author = {BBVA API Market},
  title = {Realidad Virtual y los SDKs de Google Cardboard},
  year = {2023},
  url = {https://www.bbvaapimarket.com/es/mundo-api/realidad-virtual-lo-que-necesitas-saber-sobre-los-sdks-de-google-cardboard/}
}

@article{Sh:9,
  author = {Antonio Leiva},
  title = {MVP para Android: Cómo organizar la capa de presentación},
  year = {2019},
  url = {https://devexpert.io/mvp-android/}
}


@book{Sh:10,
  author = {Myron W. Krueger},
  title = {Artificial Reality II},
  year = {1991},
  publisher = {Addison-Wesley},
  edition = {2nd Edition},
  isbn = {978-0201522602},
}
